<?xml version="1.0" encoding="UTF-8"?><collection xmlns="http://www.loc.gov/MARC21/slim"><record><leader>00371nam--2200121-i-4500</leader><controlfield tag="001">000043370</controlfield><controlfield tag="002">20161230</controlfield><controlfield tag="005">20161230201044</controlfield><controlfield tag="008">060222s1000------------r-----000-0-eng-d</controlfield><datafield ind1=" " ind2=" " tag="080"><subfield code="a">621.039.58:061.3</subfield></datafield><datafield ind1=" " ind2=" " tag="245"><subfield code="a">Symposium on training of nuclear facility personnel (papers presented), april, 19-21, 1971, gatlinburg</subfield></datafield><datafield ind1=" " ind2=" " tag="260"><subfield code="a">Oak Ridge, Nat.Lab.,1971. P.Dif</subfield></datafield><datafield ind1=" " ind2=" " tag="852"><subfield code="a">38532</subfield></datafield></record></collection>